<?xml version="1.0" encoding="UTF-8"?><collection xmlns="http://www.loc.gov/MARC21/slim"><record><leader>00593nam--2200193-i-4500</leader><controlfield tag="001">000030703</controlfield><controlfield tag="002">20161230</controlfield><controlfield tag="005">20161230201038</controlfield><controlfield tag="008">060222s1000------------r-----000-0-rum-d</controlfield><datafield ind1=" " ind2=" " tag="040"><subfield code="a">IFIN-HH</subfield></datafield><datafield ind1=" " ind2=" " tag="041"><subfield code="a">rum</subfield></datafield><datafield ind1=" " ind2=" " tag="080"><subfield code="a">539.15.5.164(043)</subfield></datafield><datafield ind1="1" ind2=" " tag="100"><subfield code="a">Mateiciuc, Vasile A</subfield></datafield><datafield ind1="1" ind2="0" tag="245"><subfield code="a">Spectrometrie de neutroni pe nucleaul atomului de stibiu</subfield><subfield code="b">Teza</subfield><subfield code="c">Vasile a. mateiciuc</subfield></datafield><datafield ind1=" " ind2=" " tag="260"><subfield code="a">Bucuresti</subfield><subfield code="b">Comitetul Pentru Energia Nucleara</subfield><subfield code="c">1969</subfield></datafield><datafield ind1=" " ind2=" " tag="300"><subfield code="a">154P</subfield></datafield><datafield ind1=" " ind2=" " tag="502"><subfield code="a">Conducator Stiintific: Acad.Prof.Dr.Doc.St. Horia Hulubei</subfield></datafield><datafield ind1=" " ind2=" " tag="852"><subfield code="a">32672</subfield><subfield code="c">539.17</subfield></datafield><datafield ind1=" " ind2=" " tag="CAT"><subfield code="a">Sys</subfield><subfield code="c">20120606</subfield><subfield code="h">170820</subfield></datafield></record></collection>